%YAML 1.1
%TAG !u! tag:unity3d.com,2011:
--- !u!1 &3120344440970558902
GameObject:
  m_ObjectHideFlags: 0
  m_CorrespondingSourceObject: {fileID: 0}
  m_PrefabInstance: {fileID: 0}
  m_PrefabAsset: {fileID: 0}
  serializedVersion: 6
  m_Component:
  - component: {fileID: 3575294840799427645}
  - component: {fileID: 7164794919798759069}
  - component: {fileID: 2581547812717887833}
  - component: {fileID: 123726132772097352}
  - component: {fileID: 783770401718419979}
  - component: {fileID: 7956211491824393235}
  m_Layer: 13
  m_Name: LeftLaser
  m_TagString: Untagged
  m_Icon: {fileID: 0}
  m_NavMeshLayer: 0
  m_StaticEditorFlags: 0
  m_IsActive: 1
--- !u!4 &3575294840799427645
Transform:
  m_ObjectHideFlags: 0
  m_CorrespondingSourceObject: {fileID: 0}
  m_PrefabInstance: {fileID: 0}
  m_PrefabAsset: {fileID: 0}
  m_GameObject: {fileID: 3120344440970558902}
  m_LocalRotation: {x: -0.7071068, y: -0, z: -0, w: 0.7071067}
  m_LocalPosition: {x: 109.28, y: -0.62, z: 53.815}
  m_LocalScale: {x: 10, y: 10, z: 10}
  m_Children:
  - {fileID: 8626499782974443965}
  m_Father: {fileID: 0}
  m_RootOrder: 0
  m_LocalEulerAnglesHint: {x: 0, y: 0, z: 0}
--- !u!33 &7164794919798759069
MeshFilter:
  m_ObjectHideFlags: 0
  m_CorrespondingSourceObject: {fileID: 0}
  m_PrefabInstance: {fileID: 0}
  m_PrefabAsset: {fileID: 0}
  m_GameObject: {fileID: 3120344440970558902}
  m_Mesh: {fileID: -8844565490132311848, guid: 854f357450f990a4c8d1e9c285fdce8c, type: 3}
--- !u!23 &2581547812717887833
MeshRenderer:
  m_ObjectHideFlags: 0
  m_CorrespondingSourceObject: {fileID: 0}
  m_PrefabInstance: {fileID: 0}
  m_PrefabAsset: {fileID: 0}
  m_GameObject: {fileID: 3120344440970558902}
  m_Enabled: 1
  m_CastShadows: 1
  m_ReceiveShadows: 1
  m_DynamicOccludee: 1
  m_MotionVectors: 1
  m_LightProbeUsage: 1
  m_ReflectionProbeUsage: 1
  m_RayTracingMode: 2
  m_RayTraceProcedural: 0
  m_RenderingLayerMask: 1
  m_RendererPriority: 0
  m_Materials:
  - {fileID: 2100000, guid: 58fd61cf71656404fba3ed0cd858c49c, type: 2}
  m_StaticBatchInfo:
    firstSubMesh: 0
    subMeshCount: 0
  m_StaticBatchRoot: {fileID: 0}
  m_ProbeAnchor: {fileID: 0}
  m_LightProbeVolumeOverride: {fileID: 0}
  m_ScaleInLightmap: 1
  m_ReceiveGI: 1
  m_PreserveUVs: 0
  m_IgnoreNormalsForChartDetection: 0
  m_ImportantGI: 0
  m_StitchLightmapSeams: 1
  m_SelectedEditorRenderState: 3
  m_MinimumChartSize: 4
  m_AutoUVMaxDistance: 0.5
  m_AutoUVMaxAngle: 89
  m_LightmapParameters: {fileID: 0}
  m_SortingLayerID: 0
  m_SortingLayer: 0
  m_SortingOrder: 0
  m_AdditionalVertexStreams: {fileID: 0}
--- !u!65 &123726132772097352
BoxCollider:
  m_ObjectHideFlags: 0
  m_CorrespondingSourceObject: {fileID: 0}
  m_PrefabInstance: {fileID: 0}
  m_PrefabAsset: {fileID: 0}
  m_GameObject: {fileID: 3120344440970558902}
  m_Material: {fileID: 0}
  m_IsTrigger: 0
  m_Enabled: 1
  serializedVersion: 2
  m_Size: {x: 0.03679181, y: 0.055523742, z: 0.026059581}
  m_Center: {x: -0.048753012, y: -0.031452745, z: 0.0731957}
--- !u!54 &783770401718419979
Rigidbody:
  m_ObjectHideFlags: 0
  m_CorrespondingSourceObject: {fileID: 0}
  m_PrefabInstance: {fileID: 0}
  m_PrefabAsset: {fileID: 0}
  m_GameObject: {fileID: 3120344440970558902}
  serializedVersion: 2
  m_Mass: 1
  m_Drag: 0
  m_AngularDrag: 0.05
  m_UseGravity: 1
  m_IsKinematic: 0
  m_Interpolate: 0
  m_Constraints: 0
  m_CollisionDetection: 0
--- !u!114 &7956211491824393235
MonoBehaviour:
  m_ObjectHideFlags: 0
  m_CorrespondingSourceObject: {fileID: 0}
  m_PrefabInstance: {fileID: 0}
  m_PrefabAsset: {fileID: 0}
  m_GameObject: {fileID: 3120344440970558902}
  m_Enabled: 1
  m_EditorHideFlags: 0
  m_Script: {fileID: 11500000, guid: 4485d519dafbfd24598e0610a694c3b0, type: 3}
  m_Name: 
  m_EditorClassIdentifier: 
  sounds: {fileID: 11400000, guid: 104c9ffb88a27eb4a85d40d9ee720fca, type: 2}
  sources: 1
  layers:
    serializedVersion: 2
    m_Bits: 4294967295
--- !u!1001 &3540088305119989074
PrefabInstance:
  m_ObjectHideFlags: 0
  serializedVersion: 2
  m_Modification:
    m_TransformParent: {fileID: 3575294840799427645}
    m_Modifications:
    - target: {fileID: 702538970875843946, guid: 52c8a263ea9873c4891a5fb9886daed9, type: 3}
      propertyPath: m_Name
      value: GeneralKakerlake_Blood
      objectReference: {fileID: 0}
    - target: {fileID: 5086693004775529711, guid: 52c8a263ea9873c4891a5fb9886daed9, type: 3}
      propertyPath: m_RootOrder
      value: 0
      objectReference: {fileID: 0}
    - target: {fileID: 5086693004775529711, guid: 52c8a263ea9873c4891a5fb9886daed9, type: 3}
      propertyPath: m_LocalPosition.x
      value: -0.0259
      objectReference: {fileID: 0}
    - target: {fileID: 5086693004775529711, guid: 52c8a263ea9873c4891a5fb9886daed9, type: 3}
      propertyPath: m_LocalPosition.y
      value: -0.0173
      objectReference: {fileID: 0}
    - target: {fileID: 5086693004775529711, guid: 52c8a263ea9873c4891a5fb9886daed9, type: 3}
      propertyPath: m_LocalPosition.z
      value: 0.087
      objectReference: {fileID: 0}
    - target: {fileID: 5086693004775529711, guid: 52c8a263ea9873c4891a5fb9886daed9, type: 3}
      propertyPath: m_LocalRotation.w
      value: 0.67281884
      objectReference: {fileID: 0}
    - target: {fileID: 5086693004775529711, guid: 52c8a263ea9873c4891a5fb9886daed9, type: 3}
      propertyPath: m_LocalRotation.x
      value: 0
      objectReference: {fileID: 0}
    - target: {fileID: 5086693004775529711, guid: 52c8a263ea9873c4891a5fb9886daed9, type: 3}
      propertyPath: m_LocalRotation.y
      value: 0.7398073
      objectReference: {fileID: 0}
    - target: {fileID: 5086693004775529711, guid: 52c8a263ea9873c4891a5fb9886daed9, type: 3}
      propertyPath: m_LocalRotation.z
      value: 0
      objectReference: {fileID: 0}
    - target: {fileID: 5086693004775529711, guid: 52c8a263ea9873c4891a5fb9886daed9, type: 3}
      propertyPath: m_LocalEulerAnglesHint.x
      value: 0
      objectReference: {fileID: 0}
    - target: {fileID: 5086693004775529711, guid: 52c8a263ea9873c4891a5fb9886daed9, type: 3}
      propertyPath: m_LocalEulerAnglesHint.y
      value: 95.43
      objectReference: {fileID: 0}
    - target: {fileID: 5086693004775529711, guid: 52c8a263ea9873c4891a5fb9886daed9, type: 3}
      propertyPath: m_LocalEulerAnglesHint.z
      value: 0
      objectReference: {fileID: 0}
    m_RemovedComponents: []
  m_SourcePrefab: {fileID: 100100000, guid: 52c8a263ea9873c4891a5fb9886daed9, type: 3}
--- !u!4 &8626499782974443965 stripped
Transform:
  m_CorrespondingSourceObject: {fileID: 5086693004775529711, guid: 52c8a263ea9873c4891a5fb9886daed9, type: 3}
  m_PrefabInstance: {fileID: 3540088305119989074}
  m_PrefabAsset: {fileID: 0}
