%YAML 1.1
%TAG !u! tag:unity3d.com,2011:
--- !u!1 &9165771686634954286
GameObject:
  m_ObjectHideFlags: 0
  m_CorrespondingSourceObject: {fileID: 0}
  m_PrefabInstance: {fileID: 0}
  m_PrefabAsset: {fileID: 0}
  serializedVersion: 6
  m_Component:
  - component: {fileID: 3169959333897887937}
  - component: {fileID: 5638629099594120363}
  - component: {fileID: 6912273642821633360}
  - component: {fileID: 2640552891891580913}
  - component: {fileID: 6277340961550859524}
  - component: {fileID: 4522649384737208655}
  m_Layer: 13
  m_Name: LeftArm
  m_TagString: Untagged
  m_Icon: {fileID: 0}
  m_NavMeshLayer: 0
  m_StaticEditorFlags: 0
  m_IsActive: 1
--- !u!4 &3169959333897887937
Transform:
  m_ObjectHideFlags: 0
  m_CorrespondingSourceObject: {fileID: 0}
  m_PrefabInstance: {fileID: 0}
  m_PrefabAsset: {fileID: 0}
  m_GameObject: {fileID: 9165771686634954286}
  m_LocalRotation: {x: -0.00000005760116, y: 0.7071068, z: 0.00000005760116, w: 0.7071068}
  m_LocalPosition: {x: 102.215, y: 0.789, z: 69.856}
  m_LocalScale: {x: 0.5000001, y: 0.5, z: 0.5000001}
  m_Children:
  - {fileID: 2488299485442952047}
  m_Father: {fileID: 0}
  m_RootOrder: 0
  m_LocalEulerAnglesHint: {x: 0, y: 0, z: 0}
--- !u!33 &5638629099594120363
MeshFilter:
  m_ObjectHideFlags: 0
  m_CorrespondingSourceObject: {fileID: 0}
  m_PrefabInstance: {fileID: 0}
  m_PrefabAsset: {fileID: 0}
  m_GameObject: {fileID: 9165771686634954286}
  m_Mesh: {fileID: -1296976969852645106, guid: a279ecf46c7bb994a8ee0e62da083313, type: 3}
--- !u!23 &6912273642821633360
MeshRenderer:
  m_ObjectHideFlags: 0
  m_CorrespondingSourceObject: {fileID: 0}
  m_PrefabInstance: {fileID: 0}
  m_PrefabAsset: {fileID: 0}
  m_GameObject: {fileID: 9165771686634954286}
  m_Enabled: 1
  m_CastShadows: 1
  m_ReceiveShadows: 1
  m_DynamicOccludee: 1
  m_MotionVectors: 1
  m_LightProbeUsage: 1
  m_ReflectionProbeUsage: 1
  m_RayTracingMode: 2
  m_RayTraceProcedural: 0
  m_RenderingLayerMask: 1
  m_RendererPriority: 0
  m_Materials:
  - {fileID: 2100000, guid: 04e41d656a6f4a241a08e5270414fdbd, type: 2}
  m_StaticBatchInfo:
    firstSubMesh: 0
    subMeshCount: 0
  m_StaticBatchRoot: {fileID: 0}
  m_ProbeAnchor: {fileID: 0}
  m_LightProbeVolumeOverride: {fileID: 0}
  m_ScaleInLightmap: 1
  m_ReceiveGI: 1
  m_PreserveUVs: 0
  m_IgnoreNormalsForChartDetection: 0
  m_ImportantGI: 0
  m_StitchLightmapSeams: 1
  m_SelectedEditorRenderState: 3
  m_MinimumChartSize: 4
  m_AutoUVMaxDistance: 0.5
  m_AutoUVMaxAngle: 89
  m_LightmapParameters: {fileID: 0}
  m_SortingLayerID: 0
  m_SortingLayer: 0
  m_SortingOrder: 0
  m_AdditionalVertexStreams: {fileID: 0}
--- !u!54 &2640552891891580913
Rigidbody:
  m_ObjectHideFlags: 0
  m_CorrespondingSourceObject: {fileID: 0}
  m_PrefabInstance: {fileID: 0}
  m_PrefabAsset: {fileID: 0}
  m_GameObject: {fileID: 9165771686634954286}
  serializedVersion: 2
  m_Mass: 1
  m_Drag: 0
  m_AngularDrag: 0.05
  m_UseGravity: 1
  m_IsKinematic: 0
  m_Interpolate: 0
  m_Constraints: 0
  m_CollisionDetection: 0
--- !u!65 &6277340961550859524
BoxCollider:
  m_ObjectHideFlags: 0
  m_CorrespondingSourceObject: {fileID: 0}
  m_PrefabInstance: {fileID: 0}
  m_PrefabAsset: {fileID: 0}
  m_GameObject: {fileID: 9165771686634954286}
  m_Material: {fileID: 0}
  m_IsTrigger: 0
  m_Enabled: 1
  serializedVersion: 2
  m_Size: {x: 1.1742737, y: 0.7470077, z: 0.43372342}
  m_Center: {x: -0.07681428, y: 1.1057694, z: -0.44281363}
--- !u!114 &4522649384737208655
MonoBehaviour:
  m_ObjectHideFlags: 0
  m_CorrespondingSourceObject: {fileID: 0}
  m_PrefabInstance: {fileID: 0}
  m_PrefabAsset: {fileID: 0}
  m_GameObject: {fileID: 9165771686634954286}
  m_Enabled: 1
  m_EditorHideFlags: 0
  m_Script: {fileID: 11500000, guid: 4485d519dafbfd24598e0610a694c3b0, type: 3}
  m_Name: 
  m_EditorClassIdentifier: 
  sounds: {fileID: 11400000, guid: 104c9ffb88a27eb4a85d40d9ee720fca, type: 2}
  sources: 1
  layers:
    serializedVersion: 2
    m_Bits: 4294967295
--- !u!1001 &7214669178484119424
PrefabInstance:
  m_ObjectHideFlags: 0
  serializedVersion: 2
  m_Modification:
    m_TransformParent: {fileID: 3169959333897887937}
    m_Modifications:
    - target: {fileID: 702538970875843946, guid: dacdf66b0d15590469cae34104fe675d, type: 3}
      propertyPath: m_Name
      value: LaserKakerlaken_Blut
      objectReference: {fileID: 0}
    - target: {fileID: 5086693004775529711, guid: dacdf66b0d15590469cae34104fe675d, type: 3}
      propertyPath: m_RootOrder
      value: 0
      objectReference: {fileID: 0}
    - target: {fileID: 5086693004775529711, guid: dacdf66b0d15590469cae34104fe675d, type: 3}
      propertyPath: m_LocalPosition.x
      value: -0.211
      objectReference: {fileID: 0}
    - target: {fileID: 5086693004775529711, guid: dacdf66b0d15590469cae34104fe675d, type: 3}
      propertyPath: m_LocalPosition.y
      value: 0.782
      objectReference: {fileID: 0}
    - target: {fileID: 5086693004775529711, guid: dacdf66b0d15590469cae34104fe675d, type: 3}
      propertyPath: m_LocalPosition.z
      value: -0.156
      objectReference: {fileID: 0}
    - target: {fileID: 5086693004775529711, guid: dacdf66b0d15590469cae34104fe675d, type: 3}
      propertyPath: m_LocalRotation.w
      value: 1
      objectReference: {fileID: 0}
    - target: {fileID: 5086693004775529711, guid: dacdf66b0d15590469cae34104fe675d, type: 3}
      propertyPath: m_LocalRotation.x
      value: 0
      objectReference: {fileID: 0}
    - target: {fileID: 5086693004775529711, guid: dacdf66b0d15590469cae34104fe675d, type: 3}
      propertyPath: m_LocalRotation.y
      value: 0
      objectReference: {fileID: 0}
    - target: {fileID: 5086693004775529711, guid: dacdf66b0d15590469cae34104fe675d, type: 3}
      propertyPath: m_LocalRotation.z
      value: 0
      objectReference: {fileID: 0}
    - target: {fileID: 5086693004775529711, guid: dacdf66b0d15590469cae34104fe675d, type: 3}
      propertyPath: m_LocalEulerAnglesHint.x
      value: 0
      objectReference: {fileID: 0}
    - target: {fileID: 5086693004775529711, guid: dacdf66b0d15590469cae34104fe675d, type: 3}
      propertyPath: m_LocalEulerAnglesHint.y
      value: 0
      objectReference: {fileID: 0}
    - target: {fileID: 5086693004775529711, guid: dacdf66b0d15590469cae34104fe675d, type: 3}
      propertyPath: m_LocalEulerAnglesHint.z
      value: 0
      objectReference: {fileID: 0}
    m_RemovedComponents: []
  m_SourcePrefab: {fileID: 100100000, guid: dacdf66b0d15590469cae34104fe675d, type: 3}
--- !u!4 &2488299485442952047 stripped
Transform:
  m_CorrespondingSourceObject: {fileID: 5086693004775529711, guid: dacdf66b0d15590469cae34104fe675d, type: 3}
  m_PrefabInstance: {fileID: 7214669178484119424}
  m_PrefabAsset: {fileID: 0}
